%YAML 1.1
%TAG !u! tag:unity3d.com,2011:
--- !u!1001 &2081009174115902711
PrefabInstance:
  m_ObjectHideFlags: 0
  serializedVersion: 2
  m_Modification:
    m_TransformParent: {fileID: 0}
    m_Modifications:
    - target: {fileID: 1509041702405349498, guid: 021809be11383400a902459332e25eda,
        type: 3}
      propertyPath: m_Name
      value: Floor v1
      objectReference: {fileID: 0}
    - target: {fileID: 1509041702405349501, guid: 021809be11383400a902459332e25eda,
        type: 3}
      propertyPath: m_LocalPosition.x
      value: 0
      objectReference: {fileID: 0}
    - target: {fileID: 1509041702405349501, guid: 021809be11383400a902459332e25eda,
        type: 3}
      propertyPath: m_LocalPosition.y
      value: 0
      objectReference: {fileID: 0}
    - target: {fileID: 1509041702405349501, guid: 021809be11383400a902459332e25eda,
        type: 3}
      propertyPath: m_LocalPosition.z
      value: 7.1
      objectReference: {fileID: 0}
    - target: {fileID: 1509041702405349501, guid: 021809be11383400a902459332e25eda,
        type: 3}
      propertyPath: m_LocalRotation.x
      value: 0
      objectReference: {fileID: 0}
    - target: {fileID: 1509041702405349501, guid: 021809be11383400a902459332e25eda,
        type: 3}
      propertyPath: m_LocalRotation.y
      value: 0
      objectReference: {fileID: 0}
    - target: {fileID: 1509041702405349501, guid: 021809be11383400a902459332e25eda,
        type: 3}
      propertyPath: m_LocalRotation.z
      value: 0
      objectReference: {fileID: 0}
    - target: {fileID: 1509041702405349501, guid: 021809be11383400a902459332e25eda,
        type: 3}
      propertyPath: m_LocalRotation.w
      value: 1
      objectReference: {fileID: 0}
    - target: {fileID: 1509041702405349501, guid: 021809be11383400a902459332e25eda,
        type: 3}
      propertyPath: m_RootOrder
      value: 0
      objectReference: {fileID: 0}
    - target: {fileID: 1509041702405349501, guid: 021809be11383400a902459332e25eda,
        type: 3}
      propertyPath: m_LocalEulerAnglesHint.x
      value: 0
      objectReference: {fileID: 0}
    - target: {fileID: 1509041702405349501, guid: 021809be11383400a902459332e25eda,
        type: 3}
      propertyPath: m_LocalEulerAnglesHint.y
      value: 0
      objectReference: {fileID: 0}
    - target: {fileID: 1509041702405349501, guid: 021809be11383400a902459332e25eda,
        type: 3}
      propertyPath: m_LocalEulerAnglesHint.z
      value: 0
      objectReference: {fileID: 0}
    - target: {fileID: 6879343421497993294, guid: 021809be11383400a902459332e25eda,
        type: 3}
      propertyPath: _obstacleSettings.Array.size
      value: 42
      objectReference: {fileID: 0}
    - target: {fileID: 6879343421497993294, guid: 021809be11383400a902459332e25eda,
        type: 3}
      propertyPath: _floorRenderer
      value: 
      objectReference: {fileID: 580977271176459643}
    - target: {fileID: 6879343421497993294, guid: 021809be11383400a902459332e25eda,
        type: 3}
      propertyPath: _edgeRenderers.Array.data[0]
      value: 
      objectReference: {fileID: 580977269501833291}
    - target: {fileID: 6879343421497993294, guid: 021809be11383400a902459332e25eda,
        type: 3}
      propertyPath: _edgeRenderers.Array.data[1]
      value: 
      objectReference: {fileID: 580977269580185108}
    - target: {fileID: 6879343421497993294, guid: 021809be11383400a902459332e25eda,
        type: 3}
      propertyPath: _obstacleFolder
      value: 
      objectReference: {fileID: 2926075472436390683}
    - target: {fileID: 6879343421497993294, guid: 021809be11383400a902459332e25eda,
        type: 3}
      propertyPath: _obstacleSettings.Array.data[0].PrefabName
      value: Obstacle Cube
      objectReference: {fileID: 0}
    - target: {fileID: 6879343421497993294, guid: 021809be11383400a902459332e25eda,
        type: 3}
      propertyPath: _obstacleSettings.Array.data[0].TagType
      value: 1
      objectReference: {fileID: 0}
    - target: {fileID: 6879343421497993294, guid: 021809be11383400a902459332e25eda,
        type: 3}
      propertyPath: _obstacleSettings.Array.data[0].LocalPosition.x
      value: -2.5
      objectReference: {fileID: 0}
    - target: {fileID: 6879343421497993294, guid: 021809be11383400a902459332e25eda,
        type: 3}
      propertyPath: _obstacleSettings.Array.data[0].LocalPosition.z
      value: -3
      objectReference: {fileID: 0}
    - target: {fileID: 6879343421497993294, guid: 021809be11383400a902459332e25eda,
        type: 3}
      propertyPath: _obstacleSettings.Array.data[0].LocalRotation.w
      value: 1
      objectReference: {fileID: 0}
    - target: {fileID: 6879343421497993294, guid: 021809be11383400a902459332e25eda,
        type: 3}
      propertyPath: _obstacleSettings.Array.data[1].PrefabName
      value: Obstacle Cube
      objectReference: {fileID: 0}
    - target: {fileID: 6879343421497993294, guid: 021809be11383400a902459332e25eda,
        type: 3}
      propertyPath: _obstacleSettings.Array.data[1].TagType
      value: 1
      objectReference: {fileID: 0}
    - target: {fileID: 6879343421497993294, guid: 021809be11383400a902459332e25eda,
        type: 3}
      propertyPath: _obstacleSettings.Array.data[1].LocalPosition.x
      value: -2.5
      objectReference: {fileID: 0}
    - target: {fileID: 6879343421497993294, guid: 021809be11383400a902459332e25eda,
        type: 3}
      propertyPath: _obstacleSettings.Array.data[1].LocalPosition.z
      value: -2
      objectReference: {fileID: 0}
    - target: {fileID: 6879343421497993294, guid: 021809be11383400a902459332e25eda,
        type: 3}
      propertyPath: _obstacleSettings.Array.data[1].LocalRotation.x
      value: -0
      objectReference: {fileID: 0}
    - target: {fileID: 6879343421497993294, guid: 021809be11383400a902459332e25eda,
        type: 3}
      propertyPath: _obstacleSettings.Array.data[1].LocalRotation.y
      value: -0
      objectReference: {fileID: 0}
    - target: {fileID: 6879343421497993294, guid: 021809be11383400a902459332e25eda,
        type: 3}
      propertyPath: _obstacleSettings.Array.data[1].LocalRotation.z
      value: -0
      objectReference: {fileID: 0}
    - target: {fileID: 6879343421497993294, guid: 021809be11383400a902459332e25eda,
        type: 3}
      propertyPath: _obstacleSettings.Array.data[1].LocalRotation.w
      value: 1
      objectReference: {fileID: 0}
    - target: {fileID: 6879343421497993294, guid: 021809be11383400a902459332e25eda,
        type: 3}
      propertyPath: _obstacleSettings.Array.data[2].PrefabName
      value: Obstacle Cube
      objectReference: {fileID: 0}
    - target: {fileID: 6879343421497993294, guid: 021809be11383400a902459332e25eda,
        type: 3}
      propertyPath: _obstacleSettings.Array.data[2].TagType
      value: 1
      objectReference: {fileID: 0}
    - target: {fileID: 6879343421497993294, guid: 021809be11383400a902459332e25eda,
        type: 3}
      propertyPath: _obstacleSettings.Array.data[2].LocalPosition.x
      value: -2.5
      objectReference: {fileID: 0}
    - target: {fileID: 6879343421497993294, guid: 021809be11383400a902459332e25eda,
        type: 3}
      propertyPath: _obstacleSettings.Array.data[2].LocalPosition.z
      value: -1
      objectReference: {fileID: 0}
    - target: {fileID: 6879343421497993294, guid: 021809be11383400a902459332e25eda,
        type: 3}
      propertyPath: _obstacleSettings.Array.data[2].LocalRotation.x
      value: -0
      objectReference: {fileID: 0}
    - target: {fileID: 6879343421497993294, guid: 021809be11383400a902459332e25eda,
        type: 3}
      propertyPath: _obstacleSettings.Array.data[2].LocalRotation.y
      value: -0
      objectReference: {fileID: 0}
    - target: {fileID: 6879343421497993294, guid: 021809be11383400a902459332e25eda,
        type: 3}
      propertyPath: _obstacleSettings.Array.data[2].LocalRotation.z
      value: -0
      objectReference: {fileID: 0}
    - target: {fileID: 6879343421497993294, guid: 021809be11383400a902459332e25eda,
        type: 3}
      propertyPath: _obstacleSettings.Array.data[2].LocalRotation.w
      value: 1
      objectReference: {fileID: 0}
    - target: {fileID: 6879343421497993294, guid: 021809be11383400a902459332e25eda,
        type: 3}
      propertyPath: _obstacleSettings.Array.data[3].PrefabName
      value: Obstacle Cube
      objectReference: {fileID: 0}
    - target: {fileID: 6879343421497993294, guid: 021809be11383400a902459332e25eda,
        type: 3}
      propertyPath: _obstacleSettings.Array.data[3].TagType
      value: 1
      objectReference: {fileID: 0}
    - target: {fileID: 6879343421497993294, guid: 021809be11383400a902459332e25eda,
        type: 3}
      propertyPath: _obstacleSettings.Array.data[3].LocalPosition.x
      value: -2.5
      objectReference: {fileID: 0}
    - target: {fileID: 6879343421497993294, guid: 021809be11383400a902459332e25eda,
        type: 3}
      propertyPath: _obstacleSettings.Array.data[3].LocalRotation.x
      value: -0
      objectReference: {fileID: 0}
    - target: {fileID: 6879343421497993294, guid: 021809be11383400a902459332e25eda,
        type: 3}
      propertyPath: _obstacleSettings.Array.data[3].LocalRotation.y
      value: -0
      objectReference: {fileID: 0}
    - target: {fileID: 6879343421497993294, guid: 021809be11383400a902459332e25eda,
        type: 3}
      propertyPath: _obstacleSettings.Array.data[3].LocalRotation.z
      value: -0
      objectReference: {fileID: 0}
    - target: {fileID: 6879343421497993294, guid: 021809be11383400a902459332e25eda,
        type: 3}
      propertyPath: _obstacleSettings.Array.data[3].LocalRotation.w
      value: 1
      objectReference: {fileID: 0}
    - target: {fileID: 6879343421497993294, guid: 021809be11383400a902459332e25eda,
        type: 3}
      propertyPath: _obstacleSettings.Array.data[4].PrefabName
      value: Obstacle Cube
      objectReference: {fileID: 0}
    - target: {fileID: 6879343421497993294, guid: 021809be11383400a902459332e25eda,
        type: 3}
      propertyPath: _obstacleSettings.Array.data[4].TagType
      value: 1
      objectReference: {fileID: 0}
    - target: {fileID: 6879343421497993294, guid: 021809be11383400a902459332e25eda,
        type: 3}
      propertyPath: _obstacleSettings.Array.data[4].LocalPosition.x
      value: -2.5
      objectReference: {fileID: 0}
    - target: {fileID: 6879343421497993294, guid: 021809be11383400a902459332e25eda,
        type: 3}
      propertyPath: _obstacleSettings.Array.data[4].LocalPosition.z
      value: 1
      objectReference: {fileID: 0}
    - target: {fileID: 6879343421497993294, guid: 021809be11383400a902459332e25eda,
        type: 3}
      propertyPath: _obstacleSettings.Array.data[4].LocalRotation.x
      value: -0
      objectReference: {fileID: 0}
    - target: {fileID: 6879343421497993294, guid: 021809be11383400a902459332e25eda,
        type: 3}
      propertyPath: _obstacleSettings.Array.data[4].LocalRotation.y
      value: -0
      objectReference: {fileID: 0}
    - target: {fileID: 6879343421497993294, guid: 021809be11383400a902459332e25eda,
        type: 3}
      propertyPath: _obstacleSettings.Array.data[4].LocalRotation.z
      value: -0
      objectReference: {fileID: 0}
    - target: {fileID: 6879343421497993294, guid: 021809be11383400a902459332e25eda,
        type: 3}
      propertyPath: _obstacleSettings.Array.data[4].LocalRotation.w
      value: 1
      objectReference: {fileID: 0}
    - target: {fileID: 6879343421497993294, guid: 021809be11383400a902459332e25eda,
        type: 3}
      propertyPath: _obstacleSettings.Array.data[5].PrefabName
      value: Obstacle Cube
      objectReference: {fileID: 0}
    - target: {fileID: 6879343421497993294, guid: 021809be11383400a902459332e25eda,
        type: 3}
      propertyPath: _obstacleSettings.Array.data[5].TagType
      value: 1
      objectReference: {fileID: 0}
    - target: {fileID: 6879343421497993294, guid: 021809be11383400a902459332e25eda,
        type: 3}
      propertyPath: _obstacleSettings.Array.data[5].LocalPosition.x
      value: -2.5
      objectReference: {fileID: 0}
    - target: {fileID: 6879343421497993294, guid: 021809be11383400a902459332e25eda,
        type: 3}
      propertyPath: _obstacleSettings.Array.data[5].LocalPosition.z
      value: 2
      objectReference: {fileID: 0}
    - target: {fileID: 6879343421497993294, guid: 021809be11383400a902459332e25eda,
        type: 3}
      propertyPath: _obstacleSettings.Array.data[5].LocalRotation.x
      value: -0
      objectReference: {fileID: 0}
    - target: {fileID: 6879343421497993294, guid: 021809be11383400a902459332e25eda,
        type: 3}
      propertyPath: _obstacleSettings.Array.data[5].LocalRotation.y
      value: -0
      objectReference: {fileID: 0}
    - target: {fileID: 6879343421497993294, guid: 021809be11383400a902459332e25eda,
        type: 3}
      propertyPath: _obstacleSettings.Array.data[5].LocalRotation.z
      value: -0
      objectReference: {fileID: 0}
    - target: {fileID: 6879343421497993294, guid: 021809be11383400a902459332e25eda,
        type: 3}
      propertyPath: _obstacleSettings.Array.data[5].LocalRotation.w
      value: 1
      objectReference: {fileID: 0}
    - target: {fileID: 6879343421497993294, guid: 021809be11383400a902459332e25eda,
        type: 3}
      propertyPath: _obstacleSettings.Array.data[6].PrefabName
      value: Obstacle Cube
      objectReference: {fileID: 0}
    - target: {fileID: 6879343421497993294, guid: 021809be11383400a902459332e25eda,
        type: 3}
      propertyPath: _obstacleSettings.Array.data[6].TagType
      value: 1
      objectReference: {fileID: 0}
    - target: {fileID: 6879343421497993294, guid: 021809be11383400a902459332e25eda,
        type: 3}
      propertyPath: _obstacleSettings.Array.data[6].LocalPosition.x
      value: -2.5
      objectReference: {fileID: 0}
    - target: {fileID: 6879343421497993294, guid: 021809be11383400a902459332e25eda,
        type: 3}
      propertyPath: _obstacleSettings.Array.data[6].LocalPosition.z
      value: 3
      objectReference: {fileID: 0}
    - target: {fileID: 6879343421497993294, guid: 021809be11383400a902459332e25eda,
        type: 3}
      propertyPath: _obstacleSettings.Array.data[6].LocalRotation.x
      value: -0
      objectReference: {fileID: 0}
    - target: {fileID: 6879343421497993294, guid: 021809be11383400a902459332e25eda,
        type: 3}
      propertyPath: _obstacleSettings.Array.data[6].LocalRotation.y
      value: -0
      objectReference: {fileID: 0}
    - target: {fileID: 6879343421497993294, guid: 021809be11383400a902459332e25eda,
        type: 3}
      propertyPath: _obstacleSettings.Array.data[6].LocalRotation.z
      value: -0
      objectReference: {fileID: 0}
    - target: {fileID: 6879343421497993294, guid: 021809be11383400a902459332e25eda,
        type: 3}
      propertyPath: _obstacleSettings.Array.data[6].LocalRotation.w
      value: 1
      objectReference: {fileID: 0}
    - target: {fileID: 6879343421497993294, guid: 021809be11383400a902459332e25eda,
        type: 3}
      propertyPath: _obstacleSettings.Array.data[7].PrefabName
      value: Obstacle Cube
      objectReference: {fileID: 0}
    - target: {fileID: 6879343421497993294, guid: 021809be11383400a902459332e25eda,
        type: 3}
      propertyPath: _obstacleSettings.Array.data[7].TagType
      value: 1
      objectReference: {fileID: 0}
    - target: {fileID: 6879343421497993294, guid: 021809be11383400a902459332e25eda,
        type: 3}
      propertyPath: _obstacleSettings.Array.data[7].LocalPosition.x
      value: 2.5
      objectReference: {fileID: 0}
    - target: {fileID: 6879343421497993294, guid: 021809be11383400a902459332e25eda,
        type: 3}
      propertyPath: _obstacleSettings.Array.data[7].LocalPosition.z
      value: -2
      objectReference: {fileID: 0}
    - target: {fileID: 6879343421497993294, guid: 021809be11383400a902459332e25eda,
        type: 3}
      propertyPath: _obstacleSettings.Array.data[7].LocalRotation.x
      value: -0
      objectReference: {fileID: 0}
    - target: {fileID: 6879343421497993294, guid: 021809be11383400a902459332e25eda,
        type: 3}
      propertyPath: _obstacleSettings.Array.data[7].LocalRotation.y
      value: -0
      objectReference: {fileID: 0}
    - target: {fileID: 6879343421497993294, guid: 021809be11383400a902459332e25eda,
        type: 3}
      propertyPath: _obstacleSettings.Array.data[7].LocalRotation.z
      value: -0
      objectReference: {fileID: 0}
    - target: {fileID: 6879343421497993294, guid: 021809be11383400a902459332e25eda,
        type: 3}
      propertyPath: _obstacleSettings.Array.data[7].LocalRotation.w
      value: 1
      objectReference: {fileID: 0}
    - target: {fileID: 6879343421497993294, guid: 021809be11383400a902459332e25eda,
        type: 3}
      propertyPath: _obstacleSettings.Array.data[8].PrefabName
      value: Obstacle Cube
      objectReference: {fileID: 0}
    - target: {fileID: 6879343421497993294, guid: 021809be11383400a902459332e25eda,
        type: 3}
      propertyPath: _obstacleSettings.Array.data[8].TagType
      value: 1
      objectReference: {fileID: 0}
    - target: {fileID: 6879343421497993294, guid: 021809be11383400a902459332e25eda,
        type: 3}
      propertyPath: _obstacleSettings.Array.data[8].LocalPosition.x
      value: 2.5
      objectReference: {fileID: 0}
    - target: {fileID: 6879343421497993294, guid: 021809be11383400a902459332e25eda,
        type: 3}
      propertyPath: _obstacleSettings.Array.data[8].LocalRotation.x
      value: -0
      objectReference: {fileID: 0}
    - target: {fileID: 6879343421497993294, guid: 021809be11383400a902459332e25eda,
        type: 3}
      propertyPath: _obstacleSettings.Array.data[8].LocalRotation.y
      value: -0
      objectReference: {fileID: 0}
    - target: {fileID: 6879343421497993294, guid: 021809be11383400a902459332e25eda,
        type: 3}
      propertyPath: _obstacleSettings.Array.data[8].LocalRotation.z
      value: -0
      objectReference: {fileID: 0}
    - target: {fileID: 6879343421497993294, guid: 021809be11383400a902459332e25eda,
        type: 3}
      propertyPath: _obstacleSettings.Array.data[8].LocalRotation.w
      value: 1
      objectReference: {fileID: 0}
    - target: {fileID: 6879343421497993294, guid: 021809be11383400a902459332e25eda,
        type: 3}
      propertyPath: _obstacleSettings.Array.data[9].PrefabName
      value: Obstacle Cube
      objectReference: {fileID: 0}
    - target: {fileID: 6879343421497993294, guid: 021809be11383400a902459332e25eda,
        type: 3}
      propertyPath: _obstacleSettings.Array.data[9].TagType
      value: 1
      objectReference: {fileID: 0}
    - target: {fileID: 6879343421497993294, guid: 021809be11383400a902459332e25eda,
        type: 3}
      propertyPath: _obstacleSettings.Array.data[9].LocalPosition.x
      value: 2.5
      objectReference: {fileID: 0}
    - target: {fileID: 6879343421497993294, guid: 021809be11383400a902459332e25eda,
        type: 3}
      propertyPath: _obstacleSettings.Array.data[9].LocalPosition.z
      value: 2.0000005
      objectReference: {fileID: 0}
    - target: {fileID: 6879343421497993294, guid: 021809be11383400a902459332e25eda,
        type: 3}
      propertyPath: _obstacleSettings.Array.data[9].LocalRotation.x
      value: -0
      objectReference: {fileID: 0}
    - target: {fileID: 6879343421497993294, guid: 021809be11383400a902459332e25eda,
        type: 3}
      propertyPath: _obstacleSettings.Array.data[9].LocalRotation.y
      value: -0
      objectReference: {fileID: 0}
    - target: {fileID: 6879343421497993294, guid: 021809be11383400a902459332e25eda,
        type: 3}
      propertyPath: _obstacleSettings.Array.data[9].LocalRotation.z
      value: -0
      objectReference: {fileID: 0}
    - target: {fileID: 6879343421497993294, guid: 021809be11383400a902459332e25eda,
        type: 3}
      propertyPath: _obstacleSettings.Array.data[9].LocalRotation.w
      value: 1
      objectReference: {fileID: 0}
    - target: {fileID: 6879343421497993294, guid: 021809be11383400a902459332e25eda,
        type: 3}
      propertyPath: _obstacleSettings.Array.data[10].PrefabName
      value: Obstacle Cube
      objectReference: {fileID: 0}
    - target: {fileID: 6879343421497993294, guid: 021809be11383400a902459332e25eda,
        type: 3}
      propertyPath: _obstacleSettings.Array.data[10].TagType
      value: 1
      objectReference: {fileID: 0}
    - target: {fileID: 6879343421497993294, guid: 021809be11383400a902459332e25eda,
        type: 3}
      propertyPath: _obstacleSettings.Array.data[10].LocalPosition.x
      value: 2.5
      objectReference: {fileID: 0}
    - target: {fileID: 6879343421497993294, guid: 021809be11383400a902459332e25eda,
        type: 3}
      propertyPath: _obstacleSettings.Array.data[10].LocalPosition.z
      value: -3
      objectReference: {fileID: 0}
    - target: {fileID: 6879343421497993294, guid: 021809be11383400a902459332e25eda,
        type: 3}
      propertyPath: _obstacleSettings.Array.data[10].LocalRotation.x
      value: -0
      objectReference: {fileID: 0}
    - target: {fileID: 6879343421497993294, guid: 021809be11383400a902459332e25eda,
        type: 3}
      propertyPath: _obstacleSettings.Array.data[10].LocalRotation.y
      value: -0
      objectReference: {fileID: 0}
    - target: {fileID: 6879343421497993294, guid: 021809be11383400a902459332e25eda,
        type: 3}
      propertyPath: _obstacleSettings.Array.data[10].LocalRotation.z
      value: -0
      objectReference: {fileID: 0}
    - target: {fileID: 6879343421497993294, guid: 021809be11383400a902459332e25eda,
        type: 3}
      propertyPath: _obstacleSettings.Array.data[10].LocalRotation.w
      value: 1
      objectReference: {fileID: 0}
    - target: {fileID: 6879343421497993294, guid: 021809be11383400a902459332e25eda,
        type: 3}
      propertyPath: _obstacleSettings.Array.data[11].PrefabName
      value: Obstacle Cube
      objectReference: {fileID: 0}
    - target: {fileID: 6879343421497993294, guid: 021809be11383400a902459332e25eda,
        type: 3}
      propertyPath: _obstacleSettings.Array.data[11].TagType
      value: 1
      objectReference: {fileID: 0}
    - target: {fileID: 6879343421497993294, guid: 021809be11383400a902459332e25eda,
        type: 3}
      propertyPath: _obstacleSettings.Array.data[11].LocalPosition.x
      value: 2.5
      objectReference: {fileID: 0}
    - target: {fileID: 6879343421497993294, guid: 021809be11383400a902459332e25eda,
        type: 3}
      propertyPath: _obstacleSettings.Array.data[11].LocalPosition.z
      value: -1
      objectReference: {fileID: 0}
    - target: {fileID: 6879343421497993294, guid: 021809be11383400a902459332e25eda,
        type: 3}
      propertyPath: _obstacleSettings.Array.data[11].LocalRotation.x
      value: -0
      objectReference: {fileID: 0}
    - target: {fileID: 6879343421497993294, guid: 021809be11383400a902459332e25eda,
        type: 3}
      propertyPath: _obstacleSettings.Array.data[11].LocalRotation.y
      value: -0
      objectReference: {fileID: 0}
    - target: {fileID: 6879343421497993294, guid: 021809be11383400a902459332e25eda,
        type: 3}
      propertyPath: _obstacleSettings.Array.data[11].LocalRotation.z
      value: -0
      objectReference: {fileID: 0}
    - target: {fileID: 6879343421497993294, guid: 021809be11383400a902459332e25eda,
        type: 3}
      propertyPath: _obstacleSettings.Array.data[11].LocalRotation.w
      value: 1
      objectReference: {fileID: 0}
    - target: {fileID: 6879343421497993294, guid: 021809be11383400a902459332e25eda,
        type: 3}
      propertyPath: _obstacleSettings.Array.data[12].PrefabName
      value: Obstacle Cube
      objectReference: {fileID: 0}
    - target: {fileID: 6879343421497993294, guid: 021809be11383400a902459332e25eda,
        type: 3}
      propertyPath: _obstacleSettings.Array.data[12].TagType
      value: 1
      objectReference: {fileID: 0}
    - target: {fileID: 6879343421497993294, guid: 021809be11383400a902459332e25eda,
        type: 3}
      propertyPath: _obstacleSettings.Array.data[12].LocalPosition.x
      value: 2.5
      objectReference: {fileID: 0}
    - target: {fileID: 6879343421497993294, guid: 021809be11383400a902459332e25eda,
        type: 3}
      propertyPath: _obstacleSettings.Array.data[12].LocalPosition.z
      value: 1.0000005
      objectReference: {fileID: 0}
    - target: {fileID: 6879343421497993294, guid: 021809be11383400a902459332e25eda,
        type: 3}
      propertyPath: _obstacleSettings.Array.data[12].LocalRotation.x
      value: -0
      objectReference: {fileID: 0}
    - target: {fileID: 6879343421497993294, guid: 021809be11383400a902459332e25eda,
        type: 3}
      propertyPath: _obstacleSettings.Array.data[12].LocalRotation.y
      value: -0
      objectReference: {fileID: 0}
    - target: {fileID: 6879343421497993294, guid: 021809be11383400a902459332e25eda,
        type: 3}
      propertyPath: _obstacleSettings.Array.data[12].LocalRotation.z
      value: -0
      objectReference: {fileID: 0}
    - target: {fileID: 6879343421497993294, guid: 021809be11383400a902459332e25eda,
        type: 3}
      propertyPath: _obstacleSettings.Array.data[12].LocalRotation.w
      value: 1
      objectReference: {fileID: 0}
    - target: {fileID: 6879343421497993294, guid: 021809be11383400a902459332e25eda,
        type: 3}
      propertyPath: _obstacleSettings.Array.data[13].PrefabName
      value: Obstacle Cube
      objectReference: {fileID: 0}
    - target: {fileID: 6879343421497993294, guid: 021809be11383400a902459332e25eda,
        type: 3}
      propertyPath: _obstacleSettings.Array.data[13].TagType
      value: 1
      objectReference: {fileID: 0}
    - target: {fileID: 6879343421497993294, guid: 021809be11383400a902459332e25eda,
        type: 3}
      propertyPath: _obstacleSettings.Array.data[13].LocalPosition.x
      value: 2.5
      objectReference: {fileID: 0}
    - target: {fileID: 6879343421497993294, guid: 021809be11383400a902459332e25eda,
        type: 3}
      propertyPath: _obstacleSettings.Array.data[13].LocalPosition.z
      value: 3.0000005
      objectReference: {fileID: 0}
    - target: {fileID: 6879343421497993294, guid: 021809be11383400a902459332e25eda,
        type: 3}
      propertyPath: _obstacleSettings.Array.data[13].LocalRotation.x
      value: -0
      objectReference: {fileID: 0}
    - target: {fileID: 6879343421497993294, guid: 021809be11383400a902459332e25eda,
        type: 3}
      propertyPath: _obstacleSettings.Array.data[13].LocalRotation.y
      value: -0
      objectReference: {fileID: 0}
    - target: {fileID: 6879343421497993294, guid: 021809be11383400a902459332e25eda,
        type: 3}
      propertyPath: _obstacleSettings.Array.data[13].LocalRotation.z
      value: -0
      objectReference: {fileID: 0}
    - target: {fileID: 6879343421497993294, guid: 021809be11383400a902459332e25eda,
        type: 3}
      propertyPath: _obstacleSettings.Array.data[13].LocalRotation.w
      value: 1
      objectReference: {fileID: 0}
    - target: {fileID: 6879343421497993294, guid: 021809be11383400a902459332e25eda,
        type: 3}
      propertyPath: _obstacleSettings.Array.data[14].PrefabName
      value: Obstacle Sphere
      objectReference: {fileID: 0}
    - target: {fileID: 6879343421497993294, guid: 021809be11383400a902459332e25eda,
        type: 3}
      propertyPath: _obstacleSettings.Array.data[14].TagType
      value: 2
      objectReference: {fileID: 0}
    - target: {fileID: 6879343421497993294, guid: 021809be11383400a902459332e25eda,
        type: 3}
      propertyPath: _obstacleSettings.Array.data[14].LocalPosition.x
      value: -1.5
      objectReference: {fileID: 0}
    - target: {fileID: 6879343421497993294, guid: 021809be11383400a902459332e25eda,
        type: 3}
      propertyPath: _obstacleSettings.Array.data[14].LocalPosition.z
      value: -3
      objectReference: {fileID: 0}
    - target: {fileID: 6879343421497993294, guid: 021809be11383400a902459332e25eda,
        type: 3}
      propertyPath: _obstacleSettings.Array.data[14].LocalRotation.w
      value: 1
      objectReference: {fileID: 0}
    - target: {fileID: 6879343421497993294, guid: 021809be11383400a902459332e25eda,
        type: 3}
      propertyPath: _obstacleSettings.Array.data[15].PrefabName
      value: Obstacle Sphere
      objectReference: {fileID: 0}
    - target: {fileID: 6879343421497993294, guid: 021809be11383400a902459332e25eda,
        type: 3}
      propertyPath: _obstacleSettings.Array.data[15].TagType
      value: 2
      objectReference: {fileID: 0}
    - target: {fileID: 6879343421497993294, guid: 021809be11383400a902459332e25eda,
        type: 3}
      propertyPath: _obstacleSettings.Array.data[15].LocalPosition.x
      value: -0.5
      objectReference: {fileID: 0}
    - target: {fileID: 6879343421497993294, guid: 021809be11383400a902459332e25eda,
        type: 3}
      propertyPath: _obstacleSettings.Array.data[15].LocalPosition.z
      value: -3
      objectReference: {fileID: 0}
    - target: {fileID: 6879343421497993294, guid: 021809be11383400a902459332e25eda,
        type: 3}
      propertyPath: _obstacleSettings.Array.data[15].LocalRotation.x
      value: -0
      objectReference: {fileID: 0}
    - target: {fileID: 6879343421497993294, guid: 021809be11383400a902459332e25eda,
        type: 3}
      propertyPath: _obstacleSettings.Array.data[15].LocalRotation.y
      value: -0
      objectReference: {fileID: 0}
    - target: {fileID: 6879343421497993294, guid: 021809be11383400a902459332e25eda,
        type: 3}
      propertyPath: _obstacleSettings.Array.data[15].LocalRotation.z
      value: -0
      objectReference: {fileID: 0}
    - target: {fileID: 6879343421497993294, guid: 021809be11383400a902459332e25eda,
        type: 3}
      propertyPath: _obstacleSettings.Array.data[15].LocalRotation.w
      value: 1
      objectReference: {fileID: 0}
    - target: {fileID: 6879343421497993294, guid: 021809be11383400a902459332e25eda,
        type: 3}
      propertyPath: _obstacleSettings.Array.data[16].PrefabName
      value: Obstacle Sphere
      objectReference: {fileID: 0}
    - target: {fileID: 6879343421497993294, guid: 021809be11383400a902459332e25eda,
        type: 3}
      propertyPath: _obstacleSettings.Array.data[16].TagType
      value: 2
      objectReference: {fileID: 0}
    - target: {fileID: 6879343421497993294, guid: 021809be11383400a902459332e25eda,
        type: 3}
      propertyPath: _obstacleSettings.Array.data[16].LocalPosition.x
      value: 0.5
      objectReference: {fileID: 0}
    - target: {fileID: 6879343421497993294, guid: 021809be11383400a902459332e25eda,
        type: 3}
      propertyPath: _obstacleSettings.Array.data[16].LocalPosition.z
      value: -3
      objectReference: {fileID: 0}
    - target: {fileID: 6879343421497993294, guid: 021809be11383400a902459332e25eda,
        type: 3}
      propertyPath: _obstacleSettings.Array.data[16].LocalRotation.x
      value: -0
      objectReference: {fileID: 0}
    - target: {fileID: 6879343421497993294, guid: 021809be11383400a902459332e25eda,
        type: 3}
      propertyPath: _obstacleSettings.Array.data[16].LocalRotation.y
      value: -0
      objectReference: {fileID: 0}
    - target: {fileID: 6879343421497993294, guid: 021809be11383400a902459332e25eda,
        type: 3}
      propertyPath: _obstacleSettings.Array.data[16].LocalRotation.z
      value: -0
      objectReference: {fileID: 0}
    - target: {fileID: 6879343421497993294, guid: 021809be11383400a902459332e25eda,
        type: 3}
      propertyPath: _obstacleSettings.Array.data[16].LocalRotation.w
      value: 1
      objectReference: {fileID: 0}
    - target: {fileID: 6879343421497993294, guid: 021809be11383400a902459332e25eda,
        type: 3}
      propertyPath: _obstacleSettings.Array.data[17].PrefabName
      value: Obstacle Sphere
      objectReference: {fileID: 0}
    - target: {fileID: 6879343421497993294, guid: 021809be11383400a902459332e25eda,
        type: 3}
      propertyPath: _obstacleSettings.Array.data[17].TagType
      value: 2
      objectReference: {fileID: 0}
    - target: {fileID: 6879343421497993294, guid: 021809be11383400a902459332e25eda,
        type: 3}
      propertyPath: _obstacleSettings.Array.data[17].LocalPosition.x
      value: 1.5
      objectReference: {fileID: 0}
    - target: {fileID: 6879343421497993294, guid: 021809be11383400a902459332e25eda,
        type: 3}
      propertyPath: _obstacleSettings.Array.data[17].LocalPosition.z
      value: -3
      objectReference: {fileID: 0}
    - target: {fileID: 6879343421497993294, guid: 021809be11383400a902459332e25eda,
        type: 3}
      propertyPath: _obstacleSettings.Array.data[17].LocalRotation.x
      value: -0
      objectReference: {fileID: 0}
    - target: {fileID: 6879343421497993294, guid: 021809be11383400a902459332e25eda,
        type: 3}
      propertyPath: _obstacleSettings.Array.data[17].LocalRotation.y
      value: -0
      objectReference: {fileID: 0}
    - target: {fileID: 6879343421497993294, guid: 021809be11383400a902459332e25eda,
        type: 3}
      propertyPath: _obstacleSettings.Array.data[17].LocalRotation.z
      value: -0
      objectReference: {fileID: 0}
    - target: {fileID: 6879343421497993294, guid: 021809be11383400a902459332e25eda,
        type: 3}
      propertyPath: _obstacleSettings.Array.data[17].LocalRotation.w
      value: 1
      objectReference: {fileID: 0}
    - target: {fileID: 6879343421497993294, guid: 021809be11383400a902459332e25eda,
        type: 3}
      propertyPath: _obstacleSettings.Array.data[18].PrefabName
      value: Obstacle Sphere
      objectReference: {fileID: 0}
    - target: {fileID: 6879343421497993294, guid: 021809be11383400a902459332e25eda,
        type: 3}
      propertyPath: _obstacleSettings.Array.data[18].TagType
      value: 2
      objectReference: {fileID: 0}
    - target: {fileID: 6879343421497993294, guid: 021809be11383400a902459332e25eda,
        type: 3}
      propertyPath: _obstacleSettings.Array.data[18].LocalPosition.x
      value: -1.5
      objectReference: {fileID: 0}
    - target: {fileID: 6879343421497993294, guid: 021809be11383400a902459332e25eda,
        type: 3}
      propertyPath: _obstacleSettings.Array.data[18].LocalPosition.z
      value: -2
      objectReference: {fileID: 0}
    - target: {fileID: 6879343421497993294, guid: 021809be11383400a902459332e25eda,
        type: 3}
      propertyPath: _obstacleSettings.Array.data[18].LocalRotation.x
      value: -0
      objectReference: {fileID: 0}
    - target: {fileID: 6879343421497993294, guid: 021809be11383400a902459332e25eda,
        type: 3}
      propertyPath: _obstacleSettings.Array.data[18].LocalRotation.y
      value: -0
      objectReference: {fileID: 0}
    - target: {fileID: 6879343421497993294, guid: 021809be11383400a902459332e25eda,
        type: 3}
      propertyPath: _obstacleSettings.Array.data[18].LocalRotation.z
      value: -0
      objectReference: {fileID: 0}
    - target: {fileID: 6879343421497993294, guid: 021809be11383400a902459332e25eda,
        type: 3}
      propertyPath: _obstacleSettings.Array.data[18].LocalRotation.w
      value: 1
      objectReference: {fileID: 0}
    - target: {fileID: 6879343421497993294, guid: 021809be11383400a902459332e25eda,
        type: 3}
      propertyPath: _obstacleSettings.Array.data[19].PrefabName
      value: Obstacle Sphere
      objectReference: {fileID: 0}
    - target: {fileID: 6879343421497993294, guid: 021809be11383400a902459332e25eda,
        type: 3}
      propertyPath: _obstacleSettings.Array.data[19].TagType
      value: 2
      objectReference: {fileID: 0}
    - target: {fileID: 6879343421497993294, guid: 021809be11383400a902459332e25eda,
        type: 3}
      propertyPath: _obstacleSettings.Array.data[19].LocalPosition.x
      value: -0.5
      objectReference: {fileID: 0}
    - target: {fileID: 6879343421497993294, guid: 021809be11383400a902459332e25eda,
        type: 3}
      propertyPath: _obstacleSettings.Array.data[19].LocalPosition.z
      value: -2
      objectReference: {fileID: 0}
    - target: {fileID: 6879343421497993294, guid: 021809be11383400a902459332e25eda,
        type: 3}
      propertyPath: _obstacleSettings.Array.data[19].LocalRotation.x
      value: -0
      objectReference: {fileID: 0}
    - target: {fileID: 6879343421497993294, guid: 021809be11383400a902459332e25eda,
        type: 3}
      propertyPath: _obstacleSettings.Array.data[19].LocalRotation.y
      value: -0
      objectReference: {fileID: 0}
    - target: {fileID: 6879343421497993294, guid: 021809be11383400a902459332e25eda,
        type: 3}
      propertyPath: _obstacleSettings.Array.data[19].LocalRotation.z
      value: -0
      objectReference: {fileID: 0}
    - target: {fileID: 6879343421497993294, guid: 021809be11383400a902459332e25eda,
        type: 3}
      propertyPath: _obstacleSettings.Array.data[19].LocalRotation.w
      value: 1
      objectReference: {fileID: 0}
    - target: {fileID: 6879343421497993294, guid: 021809be11383400a902459332e25eda,
        type: 3}
      propertyPath: _obstacleSettings.Array.data[20].PrefabName
      value: Obstacle Sphere
      objectReference: {fileID: 0}
    - target: {fileID: 6879343421497993294, guid: 021809be11383400a902459332e25eda,
        type: 3}
      propertyPath: _obstacleSettings.Array.data[20].TagType
      value: 2
      objectReference: {fileID: 0}
    - target: {fileID: 6879343421497993294, guid: 021809be11383400a902459332e25eda,
        type: 3}
      propertyPath: _obstacleSettings.Array.data[20].LocalPosition.x
      value: 0.5
      objectReference: {fileID: 0}
    - target: {fileID: 6879343421497993294, guid: 021809be11383400a902459332e25eda,
        type: 3}
      propertyPath: _obstacleSettings.Array.data[20].LocalPosition.z
      value: -2
      objectReference: {fileID: 0}
    - target: {fileID: 6879343421497993294, guid: 021809be11383400a902459332e25eda,
        type: 3}
      propertyPath: _obstacleSettings.Array.data[20].LocalRotation.x
      value: -0
      objectReference: {fileID: 0}
    - target: {fileID: 6879343421497993294, guid: 021809be11383400a902459332e25eda,
        type: 3}
      propertyPath: _obstacleSettings.Array.data[20].LocalRotation.y
      value: -0
      objectReference: {fileID: 0}
    - target: {fileID: 6879343421497993294, guid: 021809be11383400a902459332e25eda,
        type: 3}
      propertyPath: _obstacleSettings.Array.data[20].LocalRotation.z
      value: -0
      objectReference: {fileID: 0}
    - target: {fileID: 6879343421497993294, guid: 021809be11383400a902459332e25eda,
        type: 3}
      propertyPath: _obstacleSettings.Array.data[20].LocalRotation.w
      value: 1
      objectReference: {fileID: 0}
    - target: {fileID: 6879343421497993294, guid: 021809be11383400a902459332e25eda,
        type: 3}
      propertyPath: _obstacleSettings.Array.data[21].PrefabName
      value: Obstacle Sphere
      objectReference: {fileID: 0}
    - target: {fileID: 6879343421497993294, guid: 021809be11383400a902459332e25eda,
        type: 3}
      propertyPath: _obstacleSettings.Array.data[21].TagType
      value: 2
      objectReference: {fileID: 0}
    - target: {fileID: 6879343421497993294, guid: 021809be11383400a902459332e25eda,
        type: 3}
      propertyPath: _obstacleSettings.Array.data[21].LocalPosition.x
      value: 1.5
      objectReference: {fileID: 0}
    - target: {fileID: 6879343421497993294, guid: 021809be11383400a902459332e25eda,
        type: 3}
      propertyPath: _obstacleSettings.Array.data[21].LocalPosition.z
      value: -2
      objectReference: {fileID: 0}
    - target: {fileID: 6879343421497993294, guid: 021809be11383400a902459332e25eda,
        type: 3}
      propertyPath: _obstacleSettings.Array.data[21].LocalRotation.x
      value: -0
      objectReference: {fileID: 0}
    - target: {fileID: 6879343421497993294, guid: 021809be11383400a902459332e25eda,
        type: 3}
      propertyPath: _obstacleSettings.Array.data[21].LocalRotation.y
      value: -0
      objectReference: {fileID: 0}
    - target: {fileID: 6879343421497993294, guid: 021809be11383400a902459332e25eda,
        type: 3}
      propertyPath: _obstacleSettings.Array.data[21].LocalRotation.z
      value: -0
      objectReference: {fileID: 0}
    - target: {fileID: 6879343421497993294, guid: 021809be11383400a902459332e25eda,
        type: 3}
      propertyPath: _obstacleSettings.Array.data[21].LocalRotation.w
      value: 1
      objectReference: {fileID: 0}
    - target: {fileID: 6879343421497993294, guid: 021809be11383400a902459332e25eda,
        type: 3}
      propertyPath: _obstacleSettings.Array.data[22].PrefabName
      value: Obstacle Sphere
      objectReference: {fileID: 0}
    - target: {fileID: 6879343421497993294, guid: 021809be11383400a902459332e25eda,
        type: 3}
      propertyPath: _obstacleSettings.Array.data[22].TagType
      value: 2
      objectReference: {fileID: 0}
    - target: {fileID: 6879343421497993294, guid: 021809be11383400a902459332e25eda,
        type: 3}
      propertyPath: _obstacleSettings.Array.data[22].LocalPosition.x
      value: -1.5
      objectReference: {fileID: 0}
    - target: {fileID: 6879343421497993294, guid: 021809be11383400a902459332e25eda,
        type: 3}
      propertyPath: _obstacleSettings.Array.data[22].LocalPosition.z
      value: -1
      objectReference: {fileID: 0}
    - target: {fileID: 6879343421497993294, guid: 021809be11383400a902459332e25eda,
        type: 3}
      propertyPath: _obstacleSettings.Array.data[22].LocalRotation.x
      value: -0
      objectReference: {fileID: 0}
    - target: {fileID: 6879343421497993294, guid: 021809be11383400a902459332e25eda,
        type: 3}
      propertyPath: _obstacleSettings.Array.data[22].LocalRotation.y
      value: -0
      objectReference: {fileID: 0}
    - target: {fileID: 6879343421497993294, guid: 021809be11383400a902459332e25eda,
        type: 3}
      propertyPath: _obstacleSettings.Array.data[22].LocalRotation.z
      value: -0
      objectReference: {fileID: 0}
    - target: {fileID: 6879343421497993294, guid: 021809be11383400a902459332e25eda,
        type: 3}
      propertyPath: _obstacleSettings.Array.data[22].LocalRotation.w
      value: 1
      objectReference: {fileID: 0}
    - target: {fileID: 6879343421497993294, guid: 021809be11383400a902459332e25eda,
        type: 3}
      propertyPath: _obstacleSettings.Array.data[23].PrefabName
      value: Obstacle Sphere
      objectReference: {fileID: 0}
    - target: {fileID: 6879343421497993294, guid: 021809be11383400a902459332e25eda,
        type: 3}
      propertyPath: _obstacleSettings.Array.data[23].TagType
      value: 2
      objectReference: {fileID: 0}
    - target: {fileID: 6879343421497993294, guid: 021809be11383400a902459332e25eda,
        type: 3}
      propertyPath: _obstacleSettings.Array.data[23].LocalPosition.x
      value: -0.5
      objectReference: {fileID: 0}
    - target: {fileID: 6879343421497993294, guid: 021809be11383400a902459332e25eda,
        type: 3}
      propertyPath: _obstacleSettings.Array.data[23].LocalPosition.z
      value: -1
      objectReference: {fileID: 0}
    - target: {fileID: 6879343421497993294, guid: 021809be11383400a902459332e25eda,
        type: 3}
      propertyPath: _obstacleSettings.Array.data[23].LocalRotation.x
      value: -0
      objectReference: {fileID: 0}
    - target: {fileID: 6879343421497993294, guid: 021809be11383400a902459332e25eda,
        type: 3}
      propertyPath: _obstacleSettings.Array.data[23].LocalRotation.y
      value: -0
      objectReference: {fileID: 0}
    - target: {fileID: 6879343421497993294, guid: 021809be11383400a902459332e25eda,
        type: 3}
      propertyPath: _obstacleSettings.Array.data[23].LocalRotation.z
      value: -0
      objectReference: {fileID: 0}
    - target: {fileID: 6879343421497993294, guid: 021809be11383400a902459332e25eda,
        type: 3}
      propertyPath: _obstacleSettings.Array.data[23].LocalRotation.w
      value: 1
      objectReference: {fileID: 0}
    - target: {fileID: 6879343421497993294, guid: 021809be11383400a902459332e25eda,
        type: 3}
      propertyPath: _obstacleSettings.Array.data[24].PrefabName
      value: Obstacle Sphere
      objectReference: {fileID: 0}
    - target: {fileID: 6879343421497993294, guid: 021809be11383400a902459332e25eda,
        type: 3}
      propertyPath: _obstacleSettings.Array.data[24].TagType
      value: 2
      objectReference: {fileID: 0}
    - target: {fileID: 6879343421497993294, guid: 021809be11383400a902459332e25eda,
        type: 3}
      propertyPath: _obstacleSettings.Array.data[24].LocalPosition.x
      value: 0.5
      objectReference: {fileID: 0}
    - target: {fileID: 6879343421497993294, guid: 021809be11383400a902459332e25eda,
        type: 3}
      propertyPath: _obstacleSettings.Array.data[24].LocalPosition.z
      value: -1
      objectReference: {fileID: 0}
    - target: {fileID: 6879343421497993294, guid: 021809be11383400a902459332e25eda,
        type: 3}
      propertyPath: _obstacleSettings.Array.data[24].LocalRotation.x
      value: -0
      objectReference: {fileID: 0}
    - target: {fileID: 6879343421497993294, guid: 021809be11383400a902459332e25eda,
        type: 3}
      propertyPath: _obstacleSettings.Array.data[24].LocalRotation.y
      value: -0
      objectReference: {fileID: 0}
    - target: {fileID: 6879343421497993294, guid: 021809be11383400a902459332e25eda,
        type: 3}
      propertyPath: _obstacleSettings.Array.data[24].LocalRotation.z
      value: -0
      objectReference: {fileID: 0}
    - target: {fileID: 6879343421497993294, guid: 021809be11383400a902459332e25eda,
        type: 3}
      propertyPath: _obstacleSettings.Array.data[24].LocalRotation.w
      value: 1
      objectReference: {fileID: 0}
    - target: {fileID: 6879343421497993294, guid: 021809be11383400a902459332e25eda,
        type: 3}
      propertyPath: _obstacleSettings.Array.data[25].PrefabName
      value: Obstacle Sphere
      objectReference: {fileID: 0}
    - target: {fileID: 6879343421497993294, guid: 021809be11383400a902459332e25eda,
        type: 3}
      propertyPath: _obstacleSettings.Array.data[25].TagType
      value: 2
      objectReference: {fileID: 0}
    - target: {fileID: 6879343421497993294, guid: 021809be11383400a902459332e25eda,
        type: 3}
      propertyPath: _obstacleSettings.Array.data[25].LocalPosition.x
      value: 1.5
      objectReference: {fileID: 0}
    - target: {fileID: 6879343421497993294, guid: 021809be11383400a902459332e25eda,
        type: 3}
      propertyPath: _obstacleSettings.Array.data[25].LocalPosition.z
      value: -1
      objectReference: {fileID: 0}
    - target: {fileID: 6879343421497993294, guid: 021809be11383400a902459332e25eda,
        type: 3}
      propertyPath: _obstacleSettings.Array.data[25].LocalRotation.x
      value: -0
      objectReference: {fileID: 0}
    - target: {fileID: 6879343421497993294, guid: 021809be11383400a902459332e25eda,
        type: 3}
      propertyPath: _obstacleSettings.Array.data[25].LocalRotation.y
      value: -0
      objectReference: {fileID: 0}
    - target: {fileID: 6879343421497993294, guid: 021809be11383400a902459332e25eda,
        type: 3}
      propertyPath: _obstacleSettings.Array.data[25].LocalRotation.z
      value: -0
      objectReference: {fileID: 0}
    - target: {fileID: 6879343421497993294, guid: 021809be11383400a902459332e25eda,
        type: 3}
      propertyPath: _obstacleSettings.Array.data[25].LocalRotation.w
      value: 1
      objectReference: {fileID: 0}
    - target: {fileID: 6879343421497993294, guid: 021809be11383400a902459332e25eda,
        type: 3}
      propertyPath: _obstacleSettings.Array.data[26].PrefabName
      value: Obstacle Sphere
      objectReference: {fileID: 0}
    - target: {fileID: 6879343421497993294, guid: 021809be11383400a902459332e25eda,
        type: 3}
      propertyPath: _obstacleSettings.Array.data[26].TagType
      value: 2
      objectReference: {fileID: 0}
    - target: {fileID: 6879343421497993294, guid: 021809be11383400a902459332e25eda,
        type: 3}
      propertyPath: _obstacleSettings.Array.data[26].LocalPosition.x
      value: -0.5
      objectReference: {fileID: 0}
    - target: {fileID: 6879343421497993294, guid: 021809be11383400a902459332e25eda,
        type: 3}
      propertyPath: _obstacleSettings.Array.data[26].LocalRotation.x
      value: -0
      objectReference: {fileID: 0}
    - target: {fileID: 6879343421497993294, guid: 021809be11383400a902459332e25eda,
        type: 3}
      propertyPath: _obstacleSettings.Array.data[26].LocalRotation.y
      value: -0
      objectReference: {fileID: 0}
    - target: {fileID: 6879343421497993294, guid: 021809be11383400a902459332e25eda,
        type: 3}
      propertyPath: _obstacleSettings.Array.data[26].LocalRotation.z
      value: -0
      objectReference: {fileID: 0}
    - target: {fileID: 6879343421497993294, guid: 021809be11383400a902459332e25eda,
        type: 3}
      propertyPath: _obstacleSettings.Array.data[26].LocalRotation.w
      value: 1
      objectReference: {fileID: 0}
    - target: {fileID: 6879343421497993294, guid: 021809be11383400a902459332e25eda,
        type: 3}
      propertyPath: _obstacleSettings.Array.data[27].PrefabName
      value: Obstacle Sphere
      objectReference: {fileID: 0}
    - target: {fileID: 6879343421497993294, guid: 021809be11383400a902459332e25eda,
        type: 3}
      propertyPath: _obstacleSettings.Array.data[27].TagType
      value: 2
      objectReference: {fileID: 0}
    - target: {fileID: 6879343421497993294, guid: 021809be11383400a902459332e25eda,
        type: 3}
      propertyPath: _obstacleSettings.Array.data[27].LocalPosition.x
      value: -1.5
      objectReference: {fileID: 0}
    - target: {fileID: 6879343421497993294, guid: 021809be11383400a902459332e25eda,
        type: 3}
      propertyPath: _obstacleSettings.Array.data[27].LocalRotation.x
      value: -0
      objectReference: {fileID: 0}
    - target: {fileID: 6879343421497993294, guid: 021809be11383400a902459332e25eda,
        type: 3}
      propertyPath: _obstacleSettings.Array.data[27].LocalRotation.y
      value: -0
      objectReference: {fileID: 0}
    - target: {fileID: 6879343421497993294, guid: 021809be11383400a902459332e25eda,
        type: 3}
      propertyPath: _obstacleSettings.Array.data[27].LocalRotation.z
      value: -0
      objectReference: {fileID: 0}
    - target: {fileID: 6879343421497993294, guid: 021809be11383400a902459332e25eda,
        type: 3}
      propertyPath: _obstacleSettings.Array.data[27].LocalRotation.w
      value: 1
      objectReference: {fileID: 0}
    - target: {fileID: 6879343421497993294, guid: 021809be11383400a902459332e25eda,
        type: 3}
      propertyPath: _obstacleSettings.Array.data[28].PrefabName
      value: Obstacle Sphere
      objectReference: {fileID: 0}
    - target: {fileID: 6879343421497993294, guid: 021809be11383400a902459332e25eda,
        type: 3}
      propertyPath: _obstacleSettings.Array.data[28].TagType
      value: 2
      objectReference: {fileID: 0}
    - target: {fileID: 6879343421497993294, guid: 021809be11383400a902459332e25eda,
        type: 3}
      propertyPath: _obstacleSettings.Array.data[28].LocalPosition.x
      value: 0.5
      objectReference: {fileID: 0}
    - target: {fileID: 6879343421497993294, guid: 021809be11383400a902459332e25eda,
        type: 3}
      propertyPath: _obstacleSettings.Array.data[28].LocalRotation.x
      value: -0
      objectReference: {fileID: 0}
    - target: {fileID: 6879343421497993294, guid: 021809be11383400a902459332e25eda,
        type: 3}
      propertyPath: _obstacleSettings.Array.data[28].LocalRotation.y
      value: -0
      objectReference: {fileID: 0}
    - target: {fileID: 6879343421497993294, guid: 021809be11383400a902459332e25eda,
        type: 3}
      propertyPath: _obstacleSettings.Array.data[28].LocalRotation.z
      value: -0
      objectReference: {fileID: 0}
    - target: {fileID: 6879343421497993294, guid: 021809be11383400a902459332e25eda,
        type: 3}
      propertyPath: _obstacleSettings.Array.data[28].LocalRotation.w
      value: 1
      objectReference: {fileID: 0}
    - target: {fileID: 6879343421497993294, guid: 021809be11383400a902459332e25eda,
        type: 3}
      propertyPath: _obstacleSettings.Array.data[29].PrefabName
      value: Obstacle Sphere
      objectReference: {fileID: 0}
    - target: {fileID: 6879343421497993294, guid: 021809be11383400a902459332e25eda,
        type: 3}
      propertyPath: _obstacleSettings.Array.data[29].TagType
      value: 2
      objectReference: {fileID: 0}
    - target: {fileID: 6879343421497993294, guid: 021809be11383400a902459332e25eda,
        type: 3}
      propertyPath: _obstacleSettings.Array.data[29].LocalPosition.x
      value: 1.5
      objectReference: {fileID: 0}
    - target: {fileID: 6879343421497993294, guid: 021809be11383400a902459332e25eda,
        type: 3}
      propertyPath: _obstacleSettings.Array.data[29].LocalRotation.x
      value: -0
      objectReference: {fileID: 0}
    - target: {fileID: 6879343421497993294, guid: 021809be11383400a902459332e25eda,
        type: 3}
      propertyPath: _obstacleSettings.Array.data[29].LocalRotation.y
      value: -0
      objectReference: {fileID: 0}
    - target: {fileID: 6879343421497993294, guid: 021809be11383400a902459332e25eda,
        type: 3}
      propertyPath: _obstacleSettings.Array.data[29].LocalRotation.z
      value: -0
      objectReference: {fileID: 0}
    - target: {fileID: 6879343421497993294, guid: 021809be11383400a902459332e25eda,
        type: 3}
      propertyPath: _obstacleSettings.Array.data[29].LocalRotation.w
      value: 1
      objectReference: {fileID: 0}
    - target: {fileID: 6879343421497993294, guid: 021809be11383400a902459332e25eda,
        type: 3}
      propertyPath: _obstacleSettings.Array.data[30].PrefabName
      value: Obstacle Sphere
      objectReference: {fileID: 0}
    - target: {fileID: 6879343421497993294, guid: 021809be11383400a902459332e25eda,
        type: 3}
      propertyPath: _obstacleSettings.Array.data[30].TagType
      value: 2
      objectReference: {fileID: 0}
    - target: {fileID: 6879343421497993294, guid: 021809be11383400a902459332e25eda,
        type: 3}
      propertyPath: _obstacleSettings.Array.data[30].LocalPosition.x
      value: -1.5
      objectReference: {fileID: 0}
    - target: {fileID: 6879343421497993294, guid: 021809be11383400a902459332e25eda,
        type: 3}
      propertyPath: _obstacleSettings.Array.data[30].LocalPosition.z
      value: 1.0000005
      objectReference: {fileID: 0}
    - target: {fileID: 6879343421497993294, guid: 021809be11383400a902459332e25eda,
        type: 3}
      propertyPath: _obstacleSettings.Array.data[30].LocalRotation.x
      value: -0
      objectReference: {fileID: 0}
    - target: {fileID: 6879343421497993294, guid: 021809be11383400a902459332e25eda,
        type: 3}
      propertyPath: _obstacleSettings.Array.data[30].LocalRotation.y
      value: -0
      objectReference: {fileID: 0}
    - target: {fileID: 6879343421497993294, guid: 021809be11383400a902459332e25eda,
        type: 3}
      propertyPath: _obstacleSettings.Array.data[30].LocalRotation.z
      value: -0
      objectReference: {fileID: 0}
    - target: {fileID: 6879343421497993294, guid: 021809be11383400a902459332e25eda,
        type: 3}
      propertyPath: _obstacleSettings.Array.data[30].LocalRotation.w
      value: 1
      objectReference: {fileID: 0}
    - target: {fileID: 6879343421497993294, guid: 021809be11383400a902459332e25eda,
        type: 3}
      propertyPath: _obstacleSettings.Array.data[31].PrefabName
      value: Obstacle Sphere
      objectReference: {fileID: 0}
    - target: {fileID: 6879343421497993294, guid: 021809be11383400a902459332e25eda,
        type: 3}
      propertyPath: _obstacleSettings.Array.data[31].TagType
      value: 2
      objectReference: {fileID: 0}
    - target: {fileID: 6879343421497993294, guid: 021809be11383400a902459332e25eda,
        type: 3}
      propertyPath: _obstacleSettings.Array.data[31].LocalPosition.x
      value: -0.5
      objectReference: {fileID: 0}
    - target: {fileID: 6879343421497993294, guid: 021809be11383400a902459332e25eda,
        type: 3}
      propertyPath: _obstacleSettings.Array.data[31].LocalPosition.z
      value: 1.0000005
      objectReference: {fileID: 0}
    - target: {fileID: 6879343421497993294, guid: 021809be11383400a902459332e25eda,
        type: 3}
      propertyPath: _obstacleSettings.Array.data[31].LocalRotation.x
      value: -0
      objectReference: {fileID: 0}
    - target: {fileID: 6879343421497993294, guid: 021809be11383400a902459332e25eda,
        type: 3}
      propertyPath: _obstacleSettings.Array.data[31].LocalRotation.y
      value: -0
      objectReference: {fileID: 0}
    - target: {fileID: 6879343421497993294, guid: 021809be11383400a902459332e25eda,
        type: 3}
      propertyPath: _obstacleSettings.Array.data[31].LocalRotation.z
      value: -0
      objectReference: {fileID: 0}
    - target: {fileID: 6879343421497993294, guid: 021809be11383400a902459332e25eda,
        type: 3}
      propertyPath: _obstacleSettings.Array.data[31].LocalRotation.w
      value: 1
      objectReference: {fileID: 0}
    - target: {fileID: 6879343421497993294, guid: 021809be11383400a902459332e25eda,
        type: 3}
      propertyPath: _obstacleSettings.Array.data[32].PrefabName
      value: Obstacle Sphere
      objectReference: {fileID: 0}
    - target: {fileID: 6879343421497993294, guid: 021809be11383400a902459332e25eda,
        type: 3}
      propertyPath: _obstacleSettings.Array.data[32].TagType
      value: 2
      objectReference: {fileID: 0}
    - target: {fileID: 6879343421497993294, guid: 021809be11383400a902459332e25eda,
        type: 3}
      propertyPath: _obstacleSettings.Array.data[32].LocalPosition.x
      value: 0.5
      objectReference: {fileID: 0}
    - target: {fileID: 6879343421497993294, guid: 021809be11383400a902459332e25eda,
        type: 3}
      propertyPath: _obstacleSettings.Array.data[32].LocalPosition.z
      value: 1
      objectReference: {fileID: 0}
    - target: {fileID: 6879343421497993294, guid: 021809be11383400a902459332e25eda,
        type: 3}
      propertyPath: _obstacleSettings.Array.data[32].LocalRotation.x
      value: -0
      objectReference: {fileID: 0}
    - target: {fileID: 6879343421497993294, guid: 021809be11383400a902459332e25eda,
        type: 3}
      propertyPath: _obstacleSettings.Array.data[32].LocalRotation.y
      value: -0
      objectReference: {fileID: 0}
    - target: {fileID: 6879343421497993294, guid: 021809be11383400a902459332e25eda,
        type: 3}
      propertyPath: _obstacleSettings.Array.data[32].LocalRotation.z
      value: -0
      objectReference: {fileID: 0}
    - target: {fileID: 6879343421497993294, guid: 021809be11383400a902459332e25eda,
        type: 3}
      propertyPath: _obstacleSettings.Array.data[32].LocalRotation.w
      value: 1
      objectReference: {fileID: 0}
    - target: {fileID: 6879343421497993294, guid: 021809be11383400a902459332e25eda,
        type: 3}
      propertyPath: _obstacleSettings.Array.data[33].PrefabName
      value: Obstacle Sphere
      objectReference: {fileID: 0}
    - target: {fileID: 6879343421497993294, guid: 021809be11383400a902459332e25eda,
        type: 3}
      propertyPath: _obstacleSettings.Array.data[33].TagType
      value: 2
      objectReference: {fileID: 0}
    - target: {fileID: 6879343421497993294, guid: 021809be11383400a902459332e25eda,
        type: 3}
      propertyPath: _obstacleSettings.Array.data[33].LocalPosition.x
      value: 1.5
      objectReference: {fileID: 0}
    - target: {fileID: 6879343421497993294, guid: 021809be11383400a902459332e25eda,
        type: 3}
      propertyPath: _obstacleSettings.Array.data[33].LocalPosition.z
      value: 1.0000005
      objectReference: {fileID: 0}
    - target: {fileID: 6879343421497993294, guid: 021809be11383400a902459332e25eda,
        type: 3}
      propertyPath: _obstacleSettings.Array.data[33].LocalRotation.x
      value: -0
      objectReference: {fileID: 0}
    - target: {fileID: 6879343421497993294, guid: 021809be11383400a902459332e25eda,
        type: 3}
      propertyPath: _obstacleSettings.Array.data[33].LocalRotation.y
      value: -0
      objectReference: {fileID: 0}
    - target: {fileID: 6879343421497993294, guid: 021809be11383400a902459332e25eda,
        type: 3}
      propertyPath: _obstacleSettings.Array.data[33].LocalRotation.z
      value: -0
      objectReference: {fileID: 0}
    - target: {fileID: 6879343421497993294, guid: 021809be11383400a902459332e25eda,
        type: 3}
      propertyPath: _obstacleSettings.Array.data[33].LocalRotation.w
      value: 1
      objectReference: {fileID: 0}
    - target: {fileID: 6879343421497993294, guid: 021809be11383400a902459332e25eda,
        type: 3}
      propertyPath: _obstacleSettings.Array.data[34].PrefabName
      value: Obstacle Sphere
      objectReference: {fileID: 0}
    - target: {fileID: 6879343421497993294, guid: 021809be11383400a902459332e25eda,
        type: 3}
      propertyPath: _obstacleSettings.Array.data[34].TagType
      value: 2
      objectReference: {fileID: 0}
    - target: {fileID: 6879343421497993294, guid: 021809be11383400a902459332e25eda,
        type: 3}
      propertyPath: _obstacleSettings.Array.data[34].LocalPosition.x
      value: -1.5
      objectReference: {fileID: 0}
    - target: {fileID: 6879343421497993294, guid: 021809be11383400a902459332e25eda,
        type: 3}
      propertyPath: _obstacleSettings.Array.data[34].LocalPosition.z
      value: 2.0000005
      objectReference: {fileID: 0}
    - target: {fileID: 6879343421497993294, guid: 021809be11383400a902459332e25eda,
        type: 3}
      propertyPath: _obstacleSettings.Array.data[34].LocalRotation.x
      value: -0
      objectReference: {fileID: 0}
    - target: {fileID: 6879343421497993294, guid: 021809be11383400a902459332e25eda,
        type: 3}
      propertyPath: _obstacleSettings.Array.data[34].LocalRotation.y
      value: -0
      objectReference: {fileID: 0}
    - target: {fileID: 6879343421497993294, guid: 021809be11383400a902459332e25eda,
        type: 3}
      propertyPath: _obstacleSettings.Array.data[34].LocalRotation.z
      value: -0
      objectReference: {fileID: 0}
    - target: {fileID: 6879343421497993294, guid: 021809be11383400a902459332e25eda,
        type: 3}
      propertyPath: _obstacleSettings.Array.data[34].LocalRotation.w
      value: 1
      objectReference: {fileID: 0}
    - target: {fileID: 6879343421497993294, guid: 021809be11383400a902459332e25eda,
        type: 3}
      propertyPath: _obstacleSettings.Array.data[35].PrefabName
      value: Obstacle Sphere
      objectReference: {fileID: 0}
    - target: {fileID: 6879343421497993294, guid: 021809be11383400a902459332e25eda,
        type: 3}
      propertyPath: _obstacleSettings.Array.data[35].TagType
      value: 2
      objectReference: {fileID: 0}
    - target: {fileID: 6879343421497993294, guid: 021809be11383400a902459332e25eda,
        type: 3}
      propertyPath: _obstacleSettings.Array.data[35].LocalPosition.x
      value: -0.5
      objectReference: {fileID: 0}
    - target: {fileID: 6879343421497993294, guid: 021809be11383400a902459332e25eda,
        type: 3}
      propertyPath: _obstacleSettings.Array.data[35].LocalPosition.z
      value: 2
      objectReference: {fileID: 0}
    - target: {fileID: 6879343421497993294, guid: 021809be11383400a902459332e25eda,
        type: 3}
      propertyPath: _obstacleSettings.Array.data[35].LocalRotation.x
      value: -0
      objectReference: {fileID: 0}
    - target: {fileID: 6879343421497993294, guid: 021809be11383400a902459332e25eda,
        type: 3}
      propertyPath: _obstacleSettings.Array.data[35].LocalRotation.y
      value: -0
      objectReference: {fileID: 0}
    - target: {fileID: 6879343421497993294, guid: 021809be11383400a902459332e25eda,
        type: 3}
      propertyPath: _obstacleSettings.Array.data[35].LocalRotation.z
      value: -0
      objectReference: {fileID: 0}
    - target: {fileID: 6879343421497993294, guid: 021809be11383400a902459332e25eda,
        type: 3}
      propertyPath: _obstacleSettings.Array.data[35].LocalRotation.w
      value: 1
      objectReference: {fileID: 0}
    - target: {fileID: 6879343421497993294, guid: 021809be11383400a902459332e25eda,
        type: 3}
      propertyPath: _obstacleSettings.Array.data[36].PrefabName
      value: Obstacle Sphere
      objectReference: {fileID: 0}
    - target: {fileID: 6879343421497993294, guid: 021809be11383400a902459332e25eda,
        type: 3}
      propertyPath: _obstacleSettings.Array.data[36].TagType
      value: 2
      objectReference: {fileID: 0}
    - target: {fileID: 6879343421497993294, guid: 021809be11383400a902459332e25eda,
        type: 3}
      propertyPath: _obstacleSettings.Array.data[36].LocalPosition.x
      value: 0.5
      objectReference: {fileID: 0}
    - target: {fileID: 6879343421497993294, guid: 021809be11383400a902459332e25eda,
        type: 3}
      propertyPath: _obstacleSettings.Array.data[36].LocalPosition.z
      value: 2.0000005
      objectReference: {fileID: 0}
    - target: {fileID: 6879343421497993294, guid: 021809be11383400a902459332e25eda,
        type: 3}
      propertyPath: _obstacleSettings.Array.data[36].LocalRotation.x
      value: -0
      objectReference: {fileID: 0}
    - target: {fileID: 6879343421497993294, guid: 021809be11383400a902459332e25eda,
        type: 3}
      propertyPath: _obstacleSettings.Array.data[36].LocalRotation.y
      value: -0
      objectReference: {fileID: 0}
    - target: {fileID: 6879343421497993294, guid: 021809be11383400a902459332e25eda,
        type: 3}
      propertyPath: _obstacleSettings.Array.data[36].LocalRotation.z
      value: -0
      objectReference: {fileID: 0}
    - target: {fileID: 6879343421497993294, guid: 021809be11383400a902459332e25eda,
        type: 3}
      propertyPath: _obstacleSettings.Array.data[36].LocalRotation.w
      value: 1
      objectReference: {fileID: 0}
    - target: {fileID: 6879343421497993294, guid: 021809be11383400a902459332e25eda,
        type: 3}
      propertyPath: _obstacleSettings.Array.data[37].PrefabName
      value: Obstacle Sphere
      objectReference: {fileID: 0}
    - target: {fileID: 6879343421497993294, guid: 021809be11383400a902459332e25eda,
        type: 3}
      propertyPath: _obstacleSettings.Array.data[37].TagType
      value: 2
      objectReference: {fileID: 0}
    - target: {fileID: 6879343421497993294, guid: 021809be11383400a902459332e25eda,
        type: 3}
      propertyPath: _obstacleSettings.Array.data[37].LocalPosition.x
      value: 1.5
      objectReference: {fileID: 0}
    - target: {fileID: 6879343421497993294, guid: 021809be11383400a902459332e25eda,
        type: 3}
      propertyPath: _obstacleSettings.Array.data[37].LocalPosition.z
      value: 2.0000005
      objectReference: {fileID: 0}
    - target: {fileID: 6879343421497993294, guid: 021809be11383400a902459332e25eda,
        type: 3}
      propertyPath: _obstacleSettings.Array.data[37].LocalRotation.x
      value: -0
      objectReference: {fileID: 0}
    - target: {fileID: 6879343421497993294, guid: 021809be11383400a902459332e25eda,
        type: 3}
      propertyPath: _obstacleSettings.Array.data[37].LocalRotation.y
      value: -0
      objectReference: {fileID: 0}
    - target: {fileID: 6879343421497993294, guid: 021809be11383400a902459332e25eda,
        type: 3}
      propertyPath: _obstacleSettings.Array.data[37].LocalRotation.z
      value: -0
      objectReference: {fileID: 0}
    - target: {fileID: 6879343421497993294, guid: 021809be11383400a902459332e25eda,
        type: 3}
      propertyPath: _obstacleSettings.Array.data[37].LocalRotation.w
      value: 1
      objectReference: {fileID: 0}
    - target: {fileID: 6879343421497993294, guid: 021809be11383400a902459332e25eda,
        type: 3}
      propertyPath: _obstacleSettings.Array.data[38].PrefabName
      value: Obstacle Sphere
      objectReference: {fileID: 0}
    - target: {fileID: 6879343421497993294, guid: 021809be11383400a902459332e25eda,
        type: 3}
      propertyPath: _obstacleSettings.Array.data[38].TagType
      value: 2
      objectReference: {fileID: 0}
    - target: {fileID: 6879343421497993294, guid: 021809be11383400a902459332e25eda,
        type: 3}
      propertyPath: _obstacleSettings.Array.data[38].LocalPosition.x
      value: -1.5
      objectReference: {fileID: 0}
    - target: {fileID: 6879343421497993294, guid: 021809be11383400a902459332e25eda,
        type: 3}
      propertyPath: _obstacleSettings.Array.data[38].LocalPosition.z
      value: 3.0000005
      objectReference: {fileID: 0}
    - target: {fileID: 6879343421497993294, guid: 021809be11383400a902459332e25eda,
        type: 3}
      propertyPath: _obstacleSettings.Array.data[38].LocalRotation.x
      value: -0
      objectReference: {fileID: 0}
    - target: {fileID: 6879343421497993294, guid: 021809be11383400a902459332e25eda,
        type: 3}
      propertyPath: _obstacleSettings.Array.data[38].LocalRotation.y
      value: -0
      objectReference: {fileID: 0}
    - target: {fileID: 6879343421497993294, guid: 021809be11383400a902459332e25eda,
        type: 3}
      propertyPath: _obstacleSettings.Array.data[38].LocalRotation.z
      value: -0
      objectReference: {fileID: 0}
    - target: {fileID: 6879343421497993294, guid: 021809be11383400a902459332e25eda,
        type: 3}
      propertyPath: _obstacleSettings.Array.data[38].LocalRotation.w
      value: 1
      objectReference: {fileID: 0}
    - target: {fileID: 6879343421497993294, guid: 021809be11383400a902459332e25eda,
        type: 3}
      propertyPath: _obstacleSettings.Array.data[39].PrefabName
      value: Obstacle Sphere
      objectReference: {fileID: 0}
    - target: {fileID: 6879343421497993294, guid: 021809be11383400a902459332e25eda,
        type: 3}
      propertyPath: _obstacleSettings.Array.data[39].TagType
      value: 2
      objectReference: {fileID: 0}
    - target: {fileID: 6879343421497993294, guid: 021809be11383400a902459332e25eda,
        type: 3}
      propertyPath: _obstacleSettings.Array.data[39].LocalPosition.x
      value: -0.5
      objectReference: {fileID: 0}
    - target: {fileID: 6879343421497993294, guid: 021809be11383400a902459332e25eda,
        type: 3}
      propertyPath: _obstacleSettings.Array.data[39].LocalPosition.z
      value: 3
      objectReference: {fileID: 0}
    - target: {fileID: 6879343421497993294, guid: 021809be11383400a902459332e25eda,
        type: 3}
      propertyPath: _obstacleSettings.Array.data[39].LocalRotation.x
      value: -0
      objectReference: {fileID: 0}
    - target: {fileID: 6879343421497993294, guid: 021809be11383400a902459332e25eda,
        type: 3}
      propertyPath: _obstacleSettings.Array.data[39].LocalRotation.y
      value: -0
      objectReference: {fileID: 0}
    - target: {fileID: 6879343421497993294, guid: 021809be11383400a902459332e25eda,
        type: 3}
      propertyPath: _obstacleSettings.Array.data[39].LocalRotation.z
      value: -0
      objectReference: {fileID: 0}
    - target: {fileID: 6879343421497993294, guid: 021809be11383400a902459332e25eda,
        type: 3}
      propertyPath: _obstacleSettings.Array.data[39].LocalRotation.w
      value: 1
      objectReference: {fileID: 0}
    - target: {fileID: 6879343421497993294, guid: 021809be11383400a902459332e25eda,
        type: 3}
      propertyPath: _obstacleSettings.Array.data[40].PrefabName
      value: Obstacle Sphere
      objectReference: {fileID: 0}
    - target: {fileID: 6879343421497993294, guid: 021809be11383400a902459332e25eda,
        type: 3}
      propertyPath: _obstacleSettings.Array.data[40].TagType
      value: 2
      objectReference: {fileID: 0}
    - target: {fileID: 6879343421497993294, guid: 021809be11383400a902459332e25eda,
        type: 3}
      propertyPath: _obstacleSettings.Array.data[40].LocalPosition.x
      value: 0.5
      objectReference: {fileID: 0}
    - target: {fileID: 6879343421497993294, guid: 021809be11383400a902459332e25eda,
        type: 3}
      propertyPath: _obstacleSettings.Array.data[40].LocalPosition.z
      value: 3.0000005
      objectReference: {fileID: 0}
    - target: {fileID: 6879343421497993294, guid: 021809be11383400a902459332e25eda,
        type: 3}
      propertyPath: _obstacleSettings.Array.data[40].LocalRotation.x
      value: -0
      objectReference: {fileID: 0}
    - target: {fileID: 6879343421497993294, guid: 021809be11383400a902459332e25eda,
        type: 3}
      propertyPath: _obstacleSettings.Array.data[40].LocalRotation.y
      value: -0
      objectReference: {fileID: 0}
    - target: {fileID: 6879343421497993294, guid: 021809be11383400a902459332e25eda,
        type: 3}
      propertyPath: _obstacleSettings.Array.data[40].LocalRotation.z
      value: -0
      objectReference: {fileID: 0}
    - target: {fileID: 6879343421497993294, guid: 021809be11383400a902459332e25eda,
        type: 3}
      propertyPath: _obstacleSettings.Array.data[40].LocalRotation.w
      value: 1
      objectReference: {fileID: 0}
    - target: {fileID: 6879343421497993294, guid: 021809be11383400a902459332e25eda,
        type: 3}
      propertyPath: _obstacleSettings.Array.data[41].PrefabName
      value: Obstacle Sphere
      objectReference: {fileID: 0}
    - target: {fileID: 6879343421497993294, guid: 021809be11383400a902459332e25eda,
        type: 3}
      propertyPath: _obstacleSettings.Array.data[41].TagType
      value: 2
      objectReference: {fileID: 0}
    - target: {fileID: 6879343421497993294, guid: 021809be11383400a902459332e25eda,
        type: 3}
      propertyPath: _obstacleSettings.Array.data[41].LocalPosition.x
      value: 1.5
      objectReference: {fileID: 0}
    - target: {fileID: 6879343421497993294, guid: 021809be11383400a902459332e25eda,
        type: 3}
      propertyPath: _obstacleSettings.Array.data[41].LocalPosition.z
      value: 3.0000005
      objectReference: {fileID: 0}
    - target: {fileID: 6879343421497993294, guid: 021809be11383400a902459332e25eda,
        type: 3}
      propertyPath: _obstacleSettings.Array.data[41].LocalRotation.x
      value: -0
      objectReference: {fileID: 0}
    - target: {fileID: 6879343421497993294, guid: 021809be11383400a902459332e25eda,
        type: 3}
      propertyPath: _obstacleSettings.Array.data[41].LocalRotation.y
      value: -0
      objectReference: {fileID: 0}
    - target: {fileID: 6879343421497993294, guid: 021809be11383400a902459332e25eda,
        type: 3}
      propertyPath: _obstacleSettings.Array.data[41].LocalRotation.z
      value: -0
      objectReference: {fileID: 0}
    - target: {fileID: 6879343421497993294, guid: 021809be11383400a902459332e25eda,
        type: 3}
      propertyPath: _obstacleSettings.Array.data[41].LocalRotation.w
      value: 1
      objectReference: {fileID: 0}
    - target: {fileID: 6262051214774456709, guid: 021809be11383400a902459332e25eda,
        type: 3}
      propertyPath: ListenerInstance
      value: 
      objectReference: {fileID: 580977269759984781}
    m_RemovedComponents:
    - {fileID: 1834405885, guid: 021809be11383400a902459332e25eda, type: 3}
  m_SourcePrefab: {fileID: 100100000, guid: 021809be11383400a902459332e25eda, type: 3}
--- !u!1 &580977269759984781 stripped
GameObject:
  m_CorrespondingSourceObject: {fileID: 1509041702405349498, guid: 021809be11383400a902459332e25eda,
    type: 3}
  m_PrefabInstance: {fileID: 2081009174115902711}
  m_PrefabAsset: {fileID: 0}
--- !u!23 &580977269501833291 stripped
MeshRenderer:
  m_CorrespondingSourceObject: {fileID: 1509041702667179196, guid: 021809be11383400a902459332e25eda,
    type: 3}
  m_PrefabInstance: {fileID: 2081009174115902711}
  m_PrefabAsset: {fileID: 0}
--- !u!23 &580977271176459643 stripped
MeshRenderer:
  m_CorrespondingSourceObject: {fileID: 1509041700986524044, guid: 021809be11383400a902459332e25eda,
    type: 3}
  m_PrefabInstance: {fileID: 2081009174115902711}
  m_PrefabAsset: {fileID: 0}
--- !u!23 &580977269580185108 stripped
MeshRenderer:
  m_CorrespondingSourceObject: {fileID: 1509041702594599651, guid: 021809be11383400a902459332e25eda,
    type: 3}
  m_PrefabInstance: {fileID: 2081009174115902711}
  m_PrefabAsset: {fileID: 0}
--- !u!4 &2926075472436390683 stripped
Transform:
  m_CorrespondingSourceObject: {fileID: 3781538190226886636, guid: 021809be11383400a902459332e25eda,
    type: 3}
  m_PrefabInstance: {fileID: 2081009174115902711}
  m_PrefabAsset: {fileID: 0}
